@article{landportal-strategy,
    author = {Tim Davies},
    title = {Land Portal Strategy 2013 -- 2016},
    year = {2013}
}

@article{pac-vs-mvc,
    author = {Larry Garfield},
    title = {MVC vs. PAC},
    year = {2006},
    url = {http://www.garfieldtech.com/blog/mvc-vs-pac}
}

@article{largetriplestores,
    author = {W3C},
    title = {Large Triple Stores},
    year= {2005},
    url = {http://www.w3.org/wiki/LargeTripleStores}
}

@article{dbpedia-architecture,
    author = {Chris Bizer},
    title = {DBpedia Architecture},
    url = {http://wiki.dbpedia.org/Architecture}
}

@article{opendefinition,
    author = {Open Knowledge Foundation},
    title = {Open Definition},
    url = {http://opendefinition.org/}
}

@article{tbl-linkedopendata,
    author = {Tim Berners-Lee},
    title = {Linked Data -- Design Issues},
    year = {2006},
    url = {http://www.w3.org/DesignIssues/LinkedData.html}
}

@book{pmi:pmbok,
    title={A Guide to the Project Management Body of Knowledge},
    author={Project Management Institute (PMI)},
    isbn={1933890517},
    year={2009},
}

@article{w3c:data-cube,
    title={The RDF Data Cube Vocabulary},
    author={W3C},
    url={http://www.w3.org/TR/2014/REC-vocab-data-cube-20140116/},
    year={2014},
}

@article{un:standard-country-codes,
	title={United Nations Standard Country Codes},
	author={United Nations Statistics Division},
	year={1991},
	url={http://www.iarc.fr/en/publications/pdfs-online/epi/sp95/sp95-app1.pdf},
}

@article{un:iso-3166-country-codes,
	title={Country Codes - ISO 3166},
	author={International Organization for Standardization},
	url={http://www.iso.org/iso/country_codes.htm},
}

@atricle{fao:geopolitical-ontology,
	title={FAO Geopolitical ontology (RDF)},
	author={Food and Agriculture Organization of the United Nations},
	url={http://www.fao.org/countryprofiles/geoinfo/geopolitical/resource/},
}
    